<?xml version="1.0" encoding="UTF-8"?><record xmlns="http://www.loc.gov/MARC21/slim" xmlns:cinclude="http://apache.org/cocoon/include/1.0" xmlns:zs="http://www.loc.gov/zing/srw/">
  <leader>00451nz  a2200157n  4500</leader>
  <controlfield tag="001">no2014116338</controlfield>
  <controlfield tag="003">DLC</controlfield>
  <controlfield tag="005">20140903073606.0</controlfield>
  <controlfield tag="008">140902n| azannaabn          |n aaa     c</controlfield>
  <datafield tag="010" ind1=" " ind2=" ">
    <subfield code="a">no2014116338</subfield>
  </datafield>
  <datafield tag="035" ind1=" " ind2=" ">
    <subfield code="a">(OCoLC)oca09950778</subfield>
  </datafield>
  <datafield tag="040" ind1=" " ind2=" ">
    <subfield code="a">NjP</subfield>
    <subfield code="b">eng</subfield>
    <subfield code="e">rda</subfield>
    <subfield code="c">NjP</subfield>
  </datafield>
  <datafield tag="046" ind1=" " ind2=" ">
    <subfield code="f">19120412</subfield>
    <subfield code="g">19790407</subfield>
  </datafield>
  <datafield tag="100" ind1="1" ind2=" ">
    <subfield code="a">MotiejuĚnas, Alfonsas,</subfield>
    <subfield code="d">1912-1979</subfield>
  </datafield>
  <datafield tag="375" ind1=" " ind2=" ">
    <subfield code="a">male</subfield>
  </datafield>
  <datafield tag="670" ind1=" " ind2=" ">
    <subfield code="a">Alfonsas MotiejuĚnas, 2012:</subfield>
    <subfield code="b">pagd 69 (born April 12, 1912; died April 7, 1979)</subfield>
  </datafield>
</record>